@Online {flutter_performance,
  title = {Flutter performance profiling | Flutter},
  date = {2023-08-08},
  year = {2023},
  file = {:./references/perf-ui-performance.html:html},
  url = {https://docs.flutter.dev/perf/ui-performance},
  urldate = {2023-08-08}
}